@misc{DKN-BestBets-SEA-ARI-2025,
  author   = {{DraftKings Network}},
  title    = {NFL Best Bets: Seahawks vs. Cardinals --- Week 4 (Odds Snapshot)},
  year     = {2025},
  url      = {https://dknetwork.draftkings.com/2025/09/25/nfl-best-bets-seahawks-vs-cardinals-best-prop-bets-on-thursday-night-football/},
  note     = {Accessed 2025-09-25}
}

@misc{Action-SEA-ARI-Preview-2025,
  author   = {{Action Network}},
  title    = {Seahawks vs.\ Cardinals: Prediction, Pick, Odds (Week 4, TNF)},
  year     = {2025},
  url      = {https://www.actionnetwork.com/nfl/seattle-seahawks-vs-arizona-cardinals-prediction-pick-odds-thursday-night-football-september-25-qs},
  note     = {Accessed 2025-09-25}
}

@misc{Oddsshark-SEA-ARI-2025,
  author   = {{OddsShark}},
  title    = {Seahawks vs.\ Cardinals Picks \& Odds (Week 4, 2025)},
  year     = {2025},
  url      = {https://www.oddsshark.com/nfl/seahawks-vs-cardinals-picks-odds-week-4-2025},
  note     = {Accessed 2025-09-25}
}

@misc{Sportshandle-SEA-ARI-2025,
  author   = {{SportsHandle}},
  title    = {Seahawks vs.\ Cardinals Betting Promos (Week 4 TNF) --- Odds Snapshot},
  year     = {2025},
  url      = {https://sportshandle.com/seahawks-vs-cardinals-betting-promos-for-nfl-week-4-thursday-night-football/},
  note     = {Accessed 2025-09-25}
}

@misc{Boyds-KeyNumbers,
  author   = {{Boyd's Bets}},
  title    = {NFL Key Numbers: When to Buy Points to Get On or Off the Most Common Margins of Victory},
  year     = {2023},
  url      = {https://www.boydsbets.com/nfl-key-numbers/},
  note     = {Comprehensive long-horizon margin frequencies; accessed 2025-09-25}
}

@misc{Action-KeyNumbers-2024,
  author   = {{Action Network}},
  title    = {Key Numbers in NFL Betting, Explained (Recent-Era Margin Frequencies)},
  year     = {2024},
  url      = {https://www.actionnetwork.com/nfl/nfl-key-betting-numbers-spread-margins-of-victory-line-value},
  note     = {Accessed 2025-09-25}
}

@misc{Covers-KeyNumbers-2025,
  author   = {{Covers}},
  title    = {Examining NFL Key Numbers for the 2025--26 Season},
  year     = {2025},
  url      = {https://www.covers.com/nfl/key-numbers},
  note     = {Accessed 2025-09-25}
}

@misc{CleanupHitter-NFL,
  author   = {{Cleanup Hitter}},
  title    = {Frequency of NFL Regular-Season Scores (2000--2025)},
  year     = {2025},
  url      = {https://cleanuphitter.com/nfl/stats/nfl_common_scores.php},
  note     = {Accessed 2025-09-25}
}

@misc{CleanupHitter-CFB,
  author   = {{Cleanup Hitter}},
  title    = {Frequency of CFB Scores (FBS vs.\ FBS, 2005--2025)},
  year     = {2025},
  url      = {https://cleanuphitter.com/cfb/stats/cfb_common_scores.php},
  note     = {Accessed 2025-09-25}
}

@misc{WaPo-Greenberg-Keys,
  author   = {Greenberg, Neil},
  title    = {The key numbers for NFL betting --- and how to use them to your advantage},
  year     = {2022},
  url      = {https://www.washingtonpost.com/sports/2022/09/20/nfl-margin-victory-point-spreads/},
  note     = {Accessed 2025-09-25}
}

@misc{Wizard-Teaser,
  author   = {Shackleford, Michael},
  title    = {NFL Teasers (analysis and returns)},
  year     = {2025},
  url      = {https://wizardofodds.com/games/sports-betting/nfl-teaser/},
  note     = {Accessed 2025-09-25}
}

@misc{Wizard-TeaserPage,
  author   = {Shackleford, Michael},
  title    = {NFL Teaser Bets --- Appendix and Data},
  year     = {2025},
  url      = {https://wizardofodds.com/games/sports-betting/appendix/10/},
  note     = {Accessed 2025-09-25}
}

@misc{Dox-Wong,
  author   = {{DocSports}},
  title    = {Wong Teasers --- Basic Strategy Teasers},
  year     = {2009},
  url      = {https://www.docsports.com/current/wong-teasers-basic-strategy-teasers.html},
  note     = {Accessed 2025-09-25}
}

@misc{SBO-Wong,
  author   = {{SBO.net}},
  title    = {NFL Wong Teasers --- How Basic Strategy Teasers Work},
  year     = {2021},
  url      = {https://www.sbo.net/strategy/wong-teasers/},
  note     = {Accessed 2025-09-25}
}

@misc{TheLines-CFB-TeaserStudy,
  author   = {{TheLines}},
  title    = {College Football Teasers: 166-Game Study Shows Buying Points Rarely Pays},
  year     = {2024},
  url      = {https://www.thelines.com/college-football-teasers-study-2021/},
  note     = {Accessed 2025-09-25}
}

@misc{TheLines-CFB-Guide,
  author   = {{TheLines}},
  title    = {College Football Odds Guide (Teasers Section)},
  year     = {2025},
  url      = {https://www.thelines.com/betting/college-football/},
  note     = {Accessed 2025-09-25}
}
