@misc{DKN-BestBets-SEA-ARI-2025,
  author   = {{DraftKings Network}},
  title    = {NFL Best Bets: Seahawks vs. Cardinals --- Week 4 (Odds Snapshot)},
  year     = {2025},
  url      = {https://dknetwork.draftkings.com/2025/09/25/nfl-best-bets-seahawks-vs-cardinals-best-prop-bets-on-thursday-night-football/},
  note     = {Accessed 2025-09-25}
}

@misc{Action-SEA-ARI-Preview-2025,
  author   = {{Action Network}},
  title    = {Seahawks vs.\ Cardinals: Prediction, Pick, Odds (Week 4, TNF)},
  year     = {2025},
  url      = {https://www.actionnetwork.com/nfl/seattle-seahawks-vs-arizona-cardinals-prediction-pick-odds-thursday-night-football-september-25-qs},
  note     = {Accessed 2025-09-25}
}

@misc{Oddsshark-SEA-ARI-2025,
  author   = {{OddsShark}},
  title    = {Seahawks vs.\ Cardinals Picks \& Odds (Week 4, 2025)},
  year     = {2025},
  url      = {https://www.oddsshark.com/nfl/seahawks-vs-cardinals-picks-odds-week-4-2025},
  note     = {Accessed 2025-09-25}
}

@misc{Sportshandle-SEA-ARI-2025,
  author   = {{SportsHandle}},
  title    = {Seahawks vs.\ Cardinals Betting Promos (Week 4 TNF) --- Odds Snapshot},
  year     = {2025},
  url      = {https://sportshandle.com/seahawks-vs-cardinals-betting-promos-for-nfl-week-4-thursday-night-football/},
  note     = {Accessed 2025-09-25}
}

@misc{Boyds-KeyNumbers,
  author   = {{Boyd's Bets}},
  title    = {NFL Key Numbers: When to Buy Points to Get On or Off the Most Common Margins of Victory},
  year     = {2023},
  url      = {https://www.boydsbets.com/nfl-key-numbers/},
  note     = {Comprehensive long-horizon margin frequencies; accessed 2025-09-25}
}

@misc{Action-KeyNumbers-2024,
  author   = {{Action Network}},
  title    = {Key Numbers in NFL Betting, Explained (Recent-Era Margin Frequencies)},
  year     = {2024},
  url      = {https://www.actionnetwork.com/nfl/nfl-key-betting-numbers-spread-margins-of-victory-line-value},
  note     = {Accessed 2025-09-25}
}
@misc{Inpredictable-Distribution,
  author   = {{Inpredictable}},
  title    = {NFL Scoring Margin Distribution},
  year     = {2024},
  url      = {https://inpredictable.com/},
  note     = {Accessed 2025-09-25}
}

@misc{CleanupHitter-CommonScores,
  author   = {{Cleanup Hitter}},
  title    = {Common NFL Scores and Probabilities},
  year     = {2024},
  url      = {https://www.cleanuphitter.com/},
  note     = {Accessed 2025-09-25}
}
